%YAML 1.1
%TAG !u! tag:unity3d.com,2011:
--- !u!114 &1244907110685516834
MonoBehaviour:
  m_ObjectHideFlags: 0
  m_CorrespondingSourceObject: {fileID: 0}
  m_PrefabInstance: {fileID: 0}
  m_PrefabAsset: {fileID: 0}
  m_GameObject: {fileID: 3403971803871250469}
  m_Enabled: 1
  m_EditorHideFlags: 0
  m_Script: {fileID: 11500000, guid: c00abc0e47ad5764abc824ceed6f114d, type: 3}
  m_Name: 
  m_EditorClassIdentifier: 
  OnEnter:
    m_PersistentCalls:
      m_Calls:
      - m_Target: {fileID: 3403971804439938560}
        m_TargetAssemblyTypeName: UnityEngine.CanvasGroup, UnityEngine
        m_MethodName: set_alpha
        m_Mode: 4
        m_Arguments:
          m_ObjectArgument: {fileID: 0}
          m_ObjectArgumentAssemblyTypeName: UnityEngine.Object, UnityEngine
          m_IntArgument: 0
          m_FloatArgument: 1
          m_StringArgument: 
          m_BoolArgument: 0
        m_CallState: 2
  OnStay:
    m_PersistentCalls:
      m_Calls: []
  OnExit:
    m_PersistentCalls:
      m_Calls:
      - m_Target: {fileID: 3403971804439938560}
        m_TargetAssemblyTypeName: UnityEngine.CanvasGroup, UnityEngine
        m_MethodName: set_alpha
        m_Mode: 4
        m_Arguments:
          m_ObjectArgument: {fileID: 0}
          m_ObjectArgumentAssemblyTypeName: UnityEngine.Object, UnityEngine
          m_IntArgument: 0
          m_FloatArgument: 0
          m_StringArgument: 
          m_BoolArgument: 0
        m_CallState: 2
--- !u!114 &2489401287960163967
MonoBehaviour:
  m_ObjectHideFlags: 0
  m_CorrespondingSourceObject: {fileID: 0}
  m_PrefabInstance: {fileID: 0}
  m_PrefabAsset: {fileID: 0}
  m_GameObject: {fileID: 3403971805295346904}
  m_Enabled: 1
  m_EditorHideFlags: 0
  m_Script: {fileID: 11500000, guid: 46c78853ce9bc2b4391495eced45f3f7, type: 3}
  m_Name: 
  m_EditorClassIdentifier: 
--- !u!114 &6431888626763939920
MonoBehaviour:
  m_ObjectHideFlags: 0
  m_CorrespondingSourceObject: {fileID: 0}
  m_PrefabInstance: {fileID: 0}
  m_PrefabAsset: {fileID: 0}
  m_GameObject: {fileID: 6431888625583546586}
  m_Enabled: 1
  m_EditorHideFlags: 0
  m_Script: {fileID: 11500000, guid: 09f459e84b1bb6c4e866675f282ee75b, type: 3}
  m_Name: 
  m_EditorClassIdentifier: 
  idle1: 0
  idle2: 0
  idle3: 0
  prone1: 0
  takingCover1: 0
  startDelay: 0
--- !u!1 &7228261652316077438
GameObject:
  m_ObjectHideFlags: 0
  m_CorrespondingSourceObject: {fileID: 0}
  m_PrefabInstance: {fileID: 0}
  m_PrefabAsset: {fileID: 0}
  serializedVersion: 6
  m_Component:
  - component: {fileID: 536555697913478881}
  m_Layer: 0
  m_Name: IdleSoldier
  m_TagString: Untagged
  m_Icon: {fileID: 0}
  m_NavMeshLayer: 0
  m_StaticEditorFlags: 0
  m_IsActive: 1
--- !u!4 &536555697913478881
Transform:
  m_ObjectHideFlags: 0
  m_CorrespondingSourceObject: {fileID: 0}
  m_PrefabInstance: {fileID: 0}
  m_PrefabAsset: {fileID: 0}
  m_GameObject: {fileID: 7228261652316077438}
  m_LocalRotation: {x: -0, y: 0.51961905, z: -0, w: 0.8543981}
  m_LocalPosition: {x: -3.1125019, y: -1.0443649, z: -30.24483}
  m_LocalScale: {x: 1, y: 1, z: 1}
  m_Children:
  - {fileID: 6431888625584045306}
  - {fileID: 3403971803871250473}
  m_Father: {fileID: 0}
  m_RootOrder: 0
  m_LocalEulerAnglesHint: {x: 0, y: 0, z: 0}
--- !u!1001 &3019427616679521393
PrefabInstance:
  m_ObjectHideFlags: 0
  serializedVersion: 2
  m_Modification:
    m_TransformParent: {fileID: 536555697913478881}
    m_Modifications:
    - target: {fileID: 493846992430885032, guid: 27eecb5306dd8f94099fcc706c24ae54, type: 3}
      propertyPath: m_LocalScale.x
      value: 0.062332466
      objectReference: {fileID: 0}
    - target: {fileID: 493846992430885032, guid: 27eecb5306dd8f94099fcc706c24ae54, type: 3}
      propertyPath: m_LocalScale.y
      value: 0.062332466
      objectReference: {fileID: 0}
    - target: {fileID: 493846992430885032, guid: 27eecb5306dd8f94099fcc706c24ae54, type: 3}
      propertyPath: m_LocalScale.z
      value: 0.062332466
      objectReference: {fileID: 0}
    - target: {fileID: 493846992430885032, guid: 27eecb5306dd8f94099fcc706c24ae54, type: 3}
      propertyPath: m_LocalPosition.z
      value: 0.0169
      objectReference: {fileID: 0}
    - target: {fileID: 493846992430885032, guid: 27eecb5306dd8f94099fcc706c24ae54, type: 3}
      propertyPath: m_LocalRotation.w
      value: 0
      objectReference: {fileID: 0}
    - target: {fileID: 493846992430885032, guid: 27eecb5306dd8f94099fcc706c24ae54, type: 3}
      propertyPath: m_LocalRotation.y
      value: -1
      objectReference: {fileID: 0}
    - target: {fileID: 493846992430885032, guid: 27eecb5306dd8f94099fcc706c24ae54, type: 3}
      propertyPath: m_AnchoredPosition.x
      value: 0
      objectReference: {fileID: 0}
    - target: {fileID: 493846992430885032, guid: 27eecb5306dd8f94099fcc706c24ae54, type: 3}
      propertyPath: m_AnchoredPosition.y
      value: 0.1449
      objectReference: {fileID: 0}
    - target: {fileID: 493846992430885032, guid: 27eecb5306dd8f94099fcc706c24ae54, type: 3}
      propertyPath: m_LocalEulerAnglesHint.y
      value: -180
      objectReference: {fileID: 0}
    - target: {fileID: 493846992430885033, guid: 27eecb5306dd8f94099fcc706c24ae54, type: 3}
      propertyPath: m_Icon
      value: 
      objectReference: {fileID: 5721338939258241955, guid: 0000000000000000d000000000000000, type: 0}
    - target: {fileID: 493846992430885033, guid: 27eecb5306dd8f94099fcc706c24ae54, type: 3}
      propertyPath: m_Layer
      value: 5
      objectReference: {fileID: 0}
    - target: {fileID: 493846992430885035, guid: 27eecb5306dd8f94099fcc706c24ae54, type: 3}
      propertyPath: m_Alpha
      value: 1
      objectReference: {fileID: 0}
    - target: {fileID: 493846992430885036, guid: 27eecb5306dd8f94099fcc706c24ae54, type: 3}
      propertyPath: m_Camera
      value: 
      objectReference: {fileID: 0}
    - target: {fileID: 493846993017858670, guid: 27eecb5306dd8f94099fcc706c24ae54, type: 3}
      propertyPath: m_LocalScale.x
      value: 0.41516
      objectReference: {fileID: 0}
    - target: {fileID: 493846993017858670, guid: 27eecb5306dd8f94099fcc706c24ae54, type: 3}
      propertyPath: m_LocalScale.y
      value: 0.41516
      objectReference: {fileID: 0}
    - target: {fileID: 493846993017858670, guid: 27eecb5306dd8f94099fcc706c24ae54, type: 3}
      propertyPath: m_LocalScale.z
      value: 0.41516
      objectReference: {fileID: 0}
    - target: {fileID: 493846993017858670, guid: 27eecb5306dd8f94099fcc706c24ae54, type: 3}
      propertyPath: m_LocalPosition.z
      value: 0.085
      objectReference: {fileID: 0}
    - target: {fileID: 493846993017858670, guid: 27eecb5306dd8f94099fcc706c24ae54, type: 3}
      propertyPath: m_LocalRotation.w
      value: 0
      objectReference: {fileID: 0}
    - target: {fileID: 493846993017858670, guid: 27eecb5306dd8f94099fcc706c24ae54, type: 3}
      propertyPath: m_LocalRotation.y
      value: -1
      objectReference: {fileID: 0}
    - target: {fileID: 493846993017858670, guid: 27eecb5306dd8f94099fcc706c24ae54, type: 3}
      propertyPath: m_AnchoredPosition.x
      value: 0.176
      objectReference: {fileID: 0}
    - target: {fileID: 493846993017858670, guid: 27eecb5306dd8f94099fcc706c24ae54, type: 3}
      propertyPath: m_LocalEulerAnglesHint.y
      value: -180
      objectReference: {fileID: 0}
    - target: {fileID: 493846993017858671, guid: 27eecb5306dd8f94099fcc706c24ae54, type: 3}
      propertyPath: m_Layer
      value: 5
      objectReference: {fileID: 0}
    - target: {fileID: 493846993017858672, guid: 27eecb5306dd8f94099fcc706c24ae54, type: 3}
      propertyPath: gunScript
      value: 
      objectReference: {fileID: 0}
    - target: {fileID: 493846993017858673, guid: 27eecb5306dd8f94099fcc706c24ae54, type: 3}
      propertyPath: m_Alpha
      value: 0
      objectReference: {fileID: 0}
    - target: {fileID: 493846993017858675, guid: 27eecb5306dd8f94099fcc706c24ae54, type: 3}
      propertyPath: m_text
      value: I wouldn't go down there if I were you...
      objectReference: {fileID: 0}
    - target: {fileID: 493846993017858675, guid: 27eecb5306dd8f94099fcc706c24ae54, type: 3}
      propertyPath: m_Maskable
      value: 0
      objectReference: {fileID: 0}
    - target: {fileID: 493846993017858675, guid: 27eecb5306dd8f94099fcc706c24ae54, type: 3}
      propertyPath: m_fontSize
      value: 1.05
      objectReference: {fileID: 0}
    - target: {fileID: 493846993017858675, guid: 27eecb5306dd8f94099fcc706c24ae54, type: 3}
      propertyPath: m_RaycastTarget
      value: 0
      objectReference: {fileID: 0}
    - target: {fileID: 493846993017858675, guid: 27eecb5306dd8f94099fcc706c24ae54, type: 3}
      propertyPath: m_VerticalAlignment
      value: 512
      objectReference: {fileID: 0}
    - target: {fileID: 493846993017858675, guid: 27eecb5306dd8f94099fcc706c24ae54, type: 3}
      propertyPath: m_HorizontalAlignment
      value: 2
      objectReference: {fileID: 0}
    - target: {fileID: 493846993017858675, guid: 27eecb5306dd8f94099fcc706c24ae54, type: 3}
      propertyPath: m_enableVertexGradient
      value: 0
      objectReference: {fileID: 0}
    - target: {fileID: 493846993653654612, guid: 27eecb5306dd8f94099fcc706c24ae54, type: 3}
      propertyPath: m_Name
      value: Text Area
      objectReference: {fileID: 0}
    - target: {fileID: 493846993653654612, guid: 27eecb5306dd8f94099fcc706c24ae54, type: 3}
      propertyPath: m_Layer
      value: 5
      objectReference: {fileID: 0}
    - target: {fileID: 493846993653654615, guid: 27eecb5306dd8f94099fcc706c24ae54, type: 3}
      propertyPath: m_IsTrigger
      value: 1
      objectReference: {fileID: 0}
    - target: {fileID: 493846993653654616, guid: 27eecb5306dd8f94099fcc706c24ae54, type: 3}
      propertyPath: m_RootOrder
      value: 1
      objectReference: {fileID: 0}
    - target: {fileID: 493846993653654616, guid: 27eecb5306dd8f94099fcc706c24ae54, type: 3}
      propertyPath: m_LocalScale.x
      value: 4.829976
      objectReference: {fileID: 0}
    - target: {fileID: 493846993653654616, guid: 27eecb5306dd8f94099fcc706c24ae54, type: 3}
      propertyPath: m_LocalScale.y
      value: 4.829976
      objectReference: {fileID: 0}
    - target: {fileID: 493846993653654616, guid: 27eecb5306dd8f94099fcc706c24ae54, type: 3}
      propertyPath: m_LocalScale.z
      value: 4.829976
      objectReference: {fileID: 0}
    - target: {fileID: 493846993653654616, guid: 27eecb5306dd8f94099fcc706c24ae54, type: 3}
      propertyPath: m_LocalPosition.x
      value: -0.004547716
      objectReference: {fileID: 0}
    - target: {fileID: 493846993653654616, guid: 27eecb5306dd8f94099fcc706c24ae54, type: 3}
      propertyPath: m_LocalPosition.y
      value: 1.099
      objectReference: {fileID: 0}
    - target: {fileID: 493846993653654616, guid: 27eecb5306dd8f94099fcc706c24ae54, type: 3}
      propertyPath: m_LocalPosition.z
      value: 0.21938148
      objectReference: {fileID: 0}
    - target: {fileID: 493846993653654616, guid: 27eecb5306dd8f94099fcc706c24ae54, type: 3}
      propertyPath: m_LocalRotation.w
      value: 0.051825196
      objectReference: {fileID: 0}
    - target: {fileID: 493846993653654616, guid: 27eecb5306dd8f94099fcc706c24ae54, type: 3}
      propertyPath: m_LocalRotation.x
      value: -0
      objectReference: {fileID: 0}
    - target: {fileID: 493846993653654616, guid: 27eecb5306dd8f94099fcc706c24ae54, type: 3}
      propertyPath: m_LocalRotation.y
      value: -0.9986562
      objectReference: {fileID: 0}
    - target: {fileID: 493846993653654616, guid: 27eecb5306dd8f94099fcc706c24ae54, type: 3}
      propertyPath: m_LocalRotation.z
      value: -0
      objectReference: {fileID: 0}
    - target: {fileID: 493846993653654616, guid: 27eecb5306dd8f94099fcc706c24ae54, type: 3}
      propertyPath: m_LocalEulerAnglesHint.x
      value: 0
      objectReference: {fileID: 0}
    - target: {fileID: 493846993653654616, guid: 27eecb5306dd8f94099fcc706c24ae54, type: 3}
      propertyPath: m_LocalEulerAnglesHint.y
      value: -86.801
      objectReference: {fileID: 0}
    - target: {fileID: 493846993653654616, guid: 27eecb5306dd8f94099fcc706c24ae54, type: 3}
      propertyPath: m_LocalEulerAnglesHint.z
      value: 0
      objectReference: {fileID: 0}
    - target: {fileID: 493846993653654619, guid: 27eecb5306dd8f94099fcc706c24ae54, type: 3}
      propertyPath: canGroup
      value: 
      objectReference: {fileID: 3403971804439938560}
    m_RemovedComponents:
    - {fileID: 493846993653654619, guid: 27eecb5306dd8f94099fcc706c24ae54, type: 3}
  m_SourcePrefab: {fileID: 100100000, guid: 27eecb5306dd8f94099fcc706c24ae54, type: 3}
--- !u!1 &3403971803871250469 stripped
GameObject:
  m_CorrespondingSourceObject: {fileID: 493846993653654612, guid: 27eecb5306dd8f94099fcc706c24ae54, type: 3}
  m_PrefabInstance: {fileID: 3019427616679521393}
  m_PrefabAsset: {fileID: 0}
--- !u!4 &3403971803871250473 stripped
Transform:
  m_CorrespondingSourceObject: {fileID: 493846993653654616, guid: 27eecb5306dd8f94099fcc706c24ae54, type: 3}
  m_PrefabInstance: {fileID: 3019427616679521393}
  m_PrefabAsset: {fileID: 0}
--- !u!1 &3403971805295346904 stripped
GameObject:
  m_CorrespondingSourceObject: {fileID: 493846992430885033, guid: 27eecb5306dd8f94099fcc706c24ae54, type: 3}
  m_PrefabInstance: {fileID: 3019427616679521393}
  m_PrefabAsset: {fileID: 0}
--- !u!225 &3403971804439938560 stripped
CanvasGroup:
  m_CorrespondingSourceObject: {fileID: 493846993017858673, guid: 27eecb5306dd8f94099fcc706c24ae54, type: 3}
  m_PrefabInstance: {fileID: 3019427616679521393}
  m_PrefabAsset: {fileID: 0}
--- !u!1001 &6431888625583646258
PrefabInstance:
  m_ObjectHideFlags: 0
  serializedVersion: 2
  m_Modification:
    m_TransformParent: {fileID: 536555697913478881}
    m_Modifications:
    - target: {fileID: 100072, guid: 3a0fc50da26e55e49a89c167d5562115, type: 3}
      propertyPath: m_Name
      value: IdleSoldier
      objectReference: {fileID: 0}
    - target: {fileID: 400072, guid: 3a0fc50da26e55e49a89c167d5562115, type: 3}
      propertyPath: m_RootOrder
      value: 0
      objectReference: {fileID: 0}
    - target: {fileID: 400072, guid: 3a0fc50da26e55e49a89c167d5562115, type: 3}
      propertyPath: m_LocalPosition.x
      value: 0
      objectReference: {fileID: 0}
    - target: {fileID: 400072, guid: 3a0fc50da26e55e49a89c167d5562115, type: 3}
      propertyPath: m_LocalPosition.y
      value: 0
      objectReference: {fileID: 0}
    - target: {fileID: 400072, guid: 3a0fc50da26e55e49a89c167d5562115, type: 3}
      propertyPath: m_LocalPosition.z
      value: 0
      objectReference: {fileID: 0}
    - target: {fileID: 400072, guid: 3a0fc50da26e55e49a89c167d5562115, type: 3}
      propertyPath: m_LocalRotation.w
      value: 1
      objectReference: {fileID: 0}
    - target: {fileID: 400072, guid: 3a0fc50da26e55e49a89c167d5562115, type: 3}
      propertyPath: m_LocalRotation.x
      value: -0
      objectReference: {fileID: 0}
    - target: {fileID: 400072, guid: 3a0fc50da26e55e49a89c167d5562115, type: 3}
      propertyPath: m_LocalRotation.y
      value: -0
      objectReference: {fileID: 0}
    - target: {fileID: 400072, guid: 3a0fc50da26e55e49a89c167d5562115, type: 3}
      propertyPath: m_LocalRotation.z
      value: -0
      objectReference: {fileID: 0}
    - target: {fileID: 400072, guid: 3a0fc50da26e55e49a89c167d5562115, type: 3}
      propertyPath: m_LocalEulerAnglesHint.x
      value: 0
      objectReference: {fileID: 0}
    - target: {fileID: 400072, guid: 3a0fc50da26e55e49a89c167d5562115, type: 3}
      propertyPath: m_LocalEulerAnglesHint.y
      value: 62.613
      objectReference: {fileID: 0}
    - target: {fileID: 400072, guid: 3a0fc50da26e55e49a89c167d5562115, type: 3}
      propertyPath: m_LocalEulerAnglesHint.z
      value: 0
      objectReference: {fileID: 0}
    - target: {fileID: 9500000, guid: 3a0fc50da26e55e49a89c167d5562115, type: 3}
      propertyPath: m_Controller
      value: 
      objectReference: {fileID: 9100000, guid: 30c6d5f87af1f2e4ebe6dcf35c9a62e2, type: 2}
    - target: {fileID: 13700006, guid: 3a0fc50da26e55e49a89c167d5562115, type: 3}
      propertyPath: m_Materials.Array.data[0]
      value: 
      objectReference: {fileID: 2100000, guid: fb7d2c8b74f899e4bbff8a95f561aef5, type: 2}
    - target: {fileID: 13700008, guid: 3a0fc50da26e55e49a89c167d5562115, type: 3}
      propertyPath: m_Materials.Array.data[0]
      value: 
      objectReference: {fileID: 2100000, guid: 713d4f550527d124491e017e2289750f, type: 2}
    m_RemovedComponents: []
  m_SourcePrefab: {fileID: 100100000, guid: 3a0fc50da26e55e49a89c167d5562115, type: 3}
--- !u!1 &6431888625583546586 stripped
GameObject:
  m_CorrespondingSourceObject: {fileID: 100072, guid: 3a0fc50da26e55e49a89c167d5562115, type: 3}
  m_PrefabInstance: {fileID: 6431888625583646258}
  m_PrefabAsset: {fileID: 0}
--- !u!4 &6431888625584045306 stripped
Transform:
  m_CorrespondingSourceObject: {fileID: 400072, guid: 3a0fc50da26e55e49a89c167d5562115, type: 3}
  m_PrefabInstance: {fileID: 6431888625583646258}
  m_PrefabAsset: {fileID: 0}
--- !u!4 &6431888625584045204 stripped
Transform:
  m_CorrespondingSourceObject: {fileID: 400038, guid: 3a0fc50da26e55e49a89c167d5562115, type: 3}
  m_PrefabInstance: {fileID: 6431888625583646258}
  m_PrefabAsset: {fileID: 0}
--- !u!1001 &6431888626099495127
PrefabInstance:
  m_ObjectHideFlags: 0
  serializedVersion: 2
  m_Modification:
    m_TransformParent: {fileID: 6431888625584045204}
    m_Modifications:
    - target: {fileID: 100000, guid: 7dc8fd3d374be6b41815bc11e60d5b26, type: 3}
      propertyPath: m_Name
      value: assault_rifle_02
      objectReference: {fileID: 0}
    - target: {fileID: 100002, guid: 7dc8fd3d374be6b41815bc11e60d5b26, type: 3}
      propertyPath: m_IsActive
      value: 0
      objectReference: {fileID: 0}
    - target: {fileID: 400000, guid: 7dc8fd3d374be6b41815bc11e60d5b26, type: 3}
      propertyPath: m_RootOrder
      value: 3
      objectReference: {fileID: 0}
    - target: {fileID: 400000, guid: 7dc8fd3d374be6b41815bc11e60d5b26, type: 3}
      propertyPath: m_LocalPosition.x
      value: 0.0448
      objectReference: {fileID: 0}
    - target: {fileID: 400000, guid: 7dc8fd3d374be6b41815bc11e60d5b26, type: 3}
      propertyPath: m_LocalPosition.y
      value: 0.1802
      objectReference: {fileID: 0}
    - target: {fileID: 400000, guid: 7dc8fd3d374be6b41815bc11e60d5b26, type: 3}
      propertyPath: m_LocalPosition.z
      value: 0.0697
      objectReference: {fileID: 0}
    - target: {fileID: 400000, guid: 7dc8fd3d374be6b41815bc11e60d5b26, type: 3}
      propertyPath: m_LocalRotation.w
      value: 0.06332289
      objectReference: {fileID: 0}
    - target: {fileID: 400000, guid: 7dc8fd3d374be6b41815bc11e60d5b26, type: 3}
      propertyPath: m_LocalRotation.x
      value: 0.0027104826
      objectReference: {fileID: 0}
    - target: {fileID: 400000, guid: 7dc8fd3d374be6b41815bc11e60d5b26, type: 3}
      propertyPath: m_LocalRotation.y
      value: 0.47939178
      objectReference: {fileID: 0}
    - target: {fileID: 400000, guid: 7dc8fd3d374be6b41815bc11e60d5b26, type: 3}
      propertyPath: m_LocalRotation.z
      value: 0.8753093
      objectReference: {fileID: 0}
    - target: {fileID: 400000, guid: 7dc8fd3d374be6b41815bc11e60d5b26, type: 3}
      propertyPath: m_LocalEulerAnglesHint.x
      value: -57.023
      objectReference: {fileID: 0}
    - target: {fileID: 400000, guid: 7dc8fd3d374be6b41815bc11e60d5b26, type: 3}
      propertyPath: m_LocalEulerAnglesHint.y
      value: -353.093
      objectReference: {fileID: 0}
    - target: {fileID: 400000, guid: 7dc8fd3d374be6b41815bc11e60d5b26, type: 3}
      propertyPath: m_LocalEulerAnglesHint.z
      value: 527.969
      objectReference: {fileID: 0}
    m_RemovedComponents: []
  m_SourcePrefab: {fileID: 100100000, guid: 7dc8fd3d374be6b41815bc11e60d5b26, type: 3}
